@inbook{jaech_koncel-kedziorski_ostendorf_2016,
	place		= "San Diego, California",
    title		= "Phonological Pun-derstanding",
    url			= "http://www.aclweb.org/anthology/N16-1079",
    booktitle	= "NAACL-HLT 2016",
    publisher	= "Association for Computational Linguistics",
    author		= "Jaech, Aaron and Koncel-Kedziorski, Rik and Ostendorf, Mari",
    year		= "2016",
    pages		= "654–663"
}

@inbook{miller_gurevych_2015,
	place		= "Beijing, China",
    title		= "Automatic disambiguation of English puns",
    url			= "http://www.aclweb.org/anthology/P15-1070",
    booktitle	= "Proceedings of the 53rd Annual Meeting of the Association for Computational Linguistics and the 7th International Joint Conference on Natural Language Processing",
    publisher	= "Association for Computational Linguistics",
    author		= "Miller, Tristan and Gurevych, Iryna",
    year		= "2015",
    pages		= "719–729"
}

@inbook{miller_hempelmann_gurevych_2017,
	place		= "Vancouver, Canada",
    title		= "SemEval-2017 Task 7: Detection and Interpretation of English Puns",
    url			= "http://www.aclweb.org/anthology/S17-2005",
    booktitle	= "11th International Workshop on Semantic Evaluations (SemEval-2017)",
    publisher	= "Association for Computational Linguistics",
    author		= "Miller, Tristan and Hempelmann, Christian F. and Gurevych, Iryna",
    year		= "2017",
    pages		= "58–68"
}

@inbook{ritchie_2005,
	title		= "Computational Mechanisms for Pun Generation",
    url			= "http://aclweb.org/anthology/W05-1614",
	booktitle	= "Tenth European Workshop on Natural Language Generation",
    author		= "Ritchie, Graeme",
    year		= "2005"
}

@inbook{yang_lavie_dyer_hovy_2015,
	place		= "Lisbon, Portugal,",
    title		= "Humor Recognition and Humor Anchor Extraction",
    url			= "https://www.cs.cmu.edu/~diyiy/docs/emnlp_yang_16.pdf",
    booktitle	= "2015 Conference on Empirical Methods in Natural Language Processing",
    publisher	= "Association for Computational Linguistics",
    author		= "Yang, Diyi and Lavie, Alon and Dyer, Chris and Hovy, Eduard",
    year		= "2015",
    pages		= "2367–2376"
}
